%YAML 1.1
%TAG !u! tag:unity3d.com,2011:
--- !u!1 &3069408606758929337
GameObject:
  m_ObjectHideFlags: 0
  m_CorrespondingSourceObject: {fileID: 0}
  m_PrefabInstance: {fileID: 0}
  m_PrefabAsset: {fileID: 0}
  serializedVersion: 6
  m_Component:
  - component: {fileID: 3069408606758929342}
  m_Layer: 0
  m_Name: Joints
  m_TagString: Untagged
  m_Icon: {fileID: 0}
  m_NavMeshLayer: 0
  m_StaticEditorFlags: 0
  m_IsActive: 1
--- !u!4 &3069408606758929342
Transform:
  m_ObjectHideFlags: 0
  m_CorrespondingSourceObject: {fileID: 0}
  m_PrefabInstance: {fileID: 0}
  m_PrefabAsset: {fileID: 0}
  m_GameObject: {fileID: 3069408606758929337}
  m_LocalRotation: {x: 0, y: 0, z: 0, w: 1}
  m_LocalPosition: {x: 0, y: 0, z: 0}
  m_LocalScale: {x: 1, y: 1, z: 1}
  m_Children:
  - {fileID: 63415290100588701}
  m_Father: {fileID: 3069408608544421246}
  m_RootOrder: 2
  m_LocalEulerAnglesHint: {x: 0, y: 0, z: 0}
--- !u!1 &3069408607977451202
GameObject:
  m_ObjectHideFlags: 0
  m_CorrespondingSourceObject: {fileID: 0}
  m_PrefabInstance: {fileID: 0}
  m_PrefabAsset: {fileID: 0}
  serializedVersion: 6
  m_Component:
  - component: {fileID: 3069408607977451203}
  m_Layer: 0
  m_Name: Crystals
  m_TagString: Untagged
  m_Icon: {fileID: 0}
  m_NavMeshLayer: 0
  m_StaticEditorFlags: 0
  m_IsActive: 1
--- !u!4 &3069408607977451203
Transform:
  m_ObjectHideFlags: 0
  m_CorrespondingSourceObject: {fileID: 0}
  m_PrefabInstance: {fileID: 0}
  m_PrefabAsset: {fileID: 0}
  m_GameObject: {fileID: 3069408607977451202}
  m_LocalRotation: {x: 0, y: 0, z: 0, w: 1}
  m_LocalPosition: {x: 0, y: 0, z: 0}
  m_LocalScale: {x: 1, y: 1, z: 1}
  m_Children:
  - {fileID: 7097817931982240187}
  m_Father: {fileID: 3069408608544421246}
  m_RootOrder: 0
  m_LocalEulerAnglesHint: {x: 0, y: 0, z: 0}
--- !u!1 &3069408607990648198
GameObject:
  m_ObjectHideFlags: 0
  m_CorrespondingSourceObject: {fileID: 0}
  m_PrefabInstance: {fileID: 0}
  m_PrefabAsset: {fileID: 0}
  serializedVersion: 6
  m_Component:
  - component: {fileID: 3069408607990648199}
  m_Layer: 0
  m_Name: Lasers
  m_TagString: Untagged
  m_Icon: {fileID: 0}
  m_NavMeshLayer: 0
  m_StaticEditorFlags: 0
  m_IsActive: 1
--- !u!4 &3069408607990648199
Transform:
  m_ObjectHideFlags: 0
  m_CorrespondingSourceObject: {fileID: 0}
  m_PrefabInstance: {fileID: 0}
  m_PrefabAsset: {fileID: 0}
  m_GameObject: {fileID: 3069408607990648198}
  m_LocalRotation: {x: 0, y: 0, z: 0, w: 1}
  m_LocalPosition: {x: 0, y: 0, z: 0}
  m_LocalScale: {x: 1, y: 1, z: 1}
  m_Children: []
  m_Father: {fileID: 3069408608544421246}
  m_RootOrder: 1
  m_LocalEulerAnglesHint: {x: 0, y: 0, z: 0}
--- !u!1 &3069408608544421241
GameObject:
  m_ObjectHideFlags: 0
  m_CorrespondingSourceObject: {fileID: 0}
  m_PrefabInstance: {fileID: 0}
  m_PrefabAsset: {fileID: 0}
  serializedVersion: 6
  m_Component:
  - component: {fileID: 3069408608544421246}
  - component: {fileID: 3069408608544421247}
  m_Layer: 0
  m_Name: End 1
  m_TagString: Untagged
  m_Icon: {fileID: 0}
  m_NavMeshLayer: 0
  m_StaticEditorFlags: 0
  m_IsActive: 0
--- !u!4 &3069408608544421246
Transform:
  m_ObjectHideFlags: 0
  m_CorrespondingSourceObject: {fileID: 0}
  m_PrefabInstance: {fileID: 0}
  m_PrefabAsset: {fileID: 0}
  m_GameObject: {fileID: 3069408608544421241}
  m_LocalRotation: {x: 0, y: 0, z: 0, w: 1}
  m_LocalPosition: {x: 0, y: 0, z: 1}
  m_LocalScale: {x: 1, y: 1, z: 1}
  m_Children:
  - {fileID: 3069408607977451203}
  - {fileID: 3069408607990648199}
  - {fileID: 3069408606758929342}
  m_Father: {fileID: 0}
  m_RootOrder: 0
  m_LocalEulerAnglesHint: {x: 0, y: 0, z: 0}
--- !u!114 &3069408608544421247
MonoBehaviour:
  m_ObjectHideFlags: 0
  m_CorrespondingSourceObject: {fileID: 0}
  m_PrefabInstance: {fileID: 0}
  m_PrefabAsset: {fileID: 0}
  m_GameObject: {fileID: 3069408608544421241}
  m_Enabled: 1
  m_EditorHideFlags: 0
  m_Script: {fileID: 11500000, guid: d9b1ed6155c50ec4da499825ca0470de, type: 3}
  m_Name: 
  m_EditorClassIdentifier: 
  previusRune: {fileID: 0}
  nextRunes: []
  _nameOfElement: 2
  _runeID: 0
  _previusRuneID: 0
  _tempDmg: 0
  _tempSpeed: 0
  _tempKnockBack: 0
--- !u!1001 &3069408607282218971
PrefabInstance:
  m_ObjectHideFlags: 0
  serializedVersion: 2
  m_Modification:
    m_TransformParent: {fileID: 3069408606758929342}
    m_Modifications:
    - target: {fileID: 2569315787940306288, guid: 7397fe29e3cc4264e97b2b5e2abceb7a,
        type: 3}
      propertyPath: m_Name
      value: JointCenter
      objectReference: {fileID: 0}
    - target: {fileID: 3060742418645346118, guid: 7397fe29e3cc4264e97b2b5e2abceb7a,
        type: 3}
      propertyPath: m_LocalPosition.x
      value: 0
      objectReference: {fileID: 0}
    - target: {fileID: 3060742418645346118, guid: 7397fe29e3cc4264e97b2b5e2abceb7a,
        type: 3}
      propertyPath: m_LocalPosition.y
      value: 0
      objectReference: {fileID: 0}
    - target: {fileID: 3060742418645346118, guid: 7397fe29e3cc4264e97b2b5e2abceb7a,
        type: 3}
      propertyPath: m_LocalPosition.z
      value: 0
      objectReference: {fileID: 0}
    - target: {fileID: 3060742418645346118, guid: 7397fe29e3cc4264e97b2b5e2abceb7a,
        type: 3}
      propertyPath: m_LocalRotation.x
      value: 0
      objectReference: {fileID: 0}
    - target: {fileID: 3060742418645346118, guid: 7397fe29e3cc4264e97b2b5e2abceb7a,
        type: 3}
      propertyPath: m_LocalRotation.y
      value: 0
      objectReference: {fileID: 0}
    - target: {fileID: 3060742418645346118, guid: 7397fe29e3cc4264e97b2b5e2abceb7a,
        type: 3}
      propertyPath: m_LocalRotation.z
      value: 0
      objectReference: {fileID: 0}
    - target: {fileID: 3060742418645346118, guid: 7397fe29e3cc4264e97b2b5e2abceb7a,
        type: 3}
      propertyPath: m_LocalRotation.w
      value: 1
      objectReference: {fileID: 0}
    - target: {fileID: 3060742418645346118, guid: 7397fe29e3cc4264e97b2b5e2abceb7a,
        type: 3}
      propertyPath: m_RootOrder
      value: 0
      objectReference: {fileID: 0}
    - target: {fileID: 3060742418645346118, guid: 7397fe29e3cc4264e97b2b5e2abceb7a,
        type: 3}
      propertyPath: m_LocalEulerAnglesHint.x
      value: 0
      objectReference: {fileID: 0}
    - target: {fileID: 3060742418645346118, guid: 7397fe29e3cc4264e97b2b5e2abceb7a,
        type: 3}
      propertyPath: m_LocalEulerAnglesHint.y
      value: 0
      objectReference: {fileID: 0}
    - target: {fileID: 3060742418645346118, guid: 7397fe29e3cc4264e97b2b5e2abceb7a,
        type: 3}
      propertyPath: m_LocalEulerAnglesHint.z
      value: 0
      objectReference: {fileID: 0}
    m_RemovedComponents: []
  m_SourcePrefab: {fileID: 100100000, guid: 7397fe29e3cc4264e97b2b5e2abceb7a, type: 3}
--- !u!4 &63415290100588701 stripped
Transform:
  m_CorrespondingSourceObject: {fileID: 3060742418645346118, guid: 7397fe29e3cc4264e97b2b5e2abceb7a,
    type: 3}
  m_PrefabInstance: {fileID: 3069408607282218971}
  m_PrefabAsset: {fileID: 0}
--- !u!54 &7141178686951118843 stripped
Rigidbody:
  m_CorrespondingSourceObject: {fileID: -3926528699618652128, guid: 7397fe29e3cc4264e97b2b5e2abceb7a,
    type: 3}
  m_PrefabInstance: {fileID: 3069408607282218971}
  m_PrefabAsset: {fileID: 0}
--- !u!1001 &3069408607918171551
PrefabInstance:
  m_ObjectHideFlags: 0
  serializedVersion: 2
  m_Modification:
    m_TransformParent: {fileID: 3069408607977451203}
    m_Modifications:
    - target: {fileID: -1873015864163194142, guid: fd1c40c5f0a0a7249af941106f3380a4,
        type: 3}
      propertyPath: m_ConnectedBody
      value: 
      objectReference: {fileID: 7141178686951118843}
    - target: {fileID: 5194964913022295076, guid: fd1c40c5f0a0a7249af941106f3380a4,
        type: 3}
      propertyPath: m_LocalPosition.x
      value: 0
      objectReference: {fileID: 0}
    - target: {fileID: 5194964913022295076, guid: fd1c40c5f0a0a7249af941106f3380a4,
        type: 3}
      propertyPath: m_LocalPosition.y
      value: 0
      objectReference: {fileID: 0}
    - target: {fileID: 5194964913022295076, guid: fd1c40c5f0a0a7249af941106f3380a4,
        type: 3}
      propertyPath: m_LocalPosition.z
      value: 0
      objectReference: {fileID: 0}
    - target: {fileID: 5194964913022295076, guid: fd1c40c5f0a0a7249af941106f3380a4,
        type: 3}
      propertyPath: m_LocalRotation.x
      value: 0.46193978
      objectReference: {fileID: 0}
    - target: {fileID: 5194964913022295076, guid: fd1c40c5f0a0a7249af941106f3380a4,
        type: 3}
      propertyPath: m_LocalRotation.y
      value: 0.19134173
      objectReference: {fileID: 0}
    - target: {fileID: 5194964913022295076, guid: fd1c40c5f0a0a7249af941106f3380a4,
        type: 3}
      propertyPath: m_LocalRotation.z
      value: 0.19134173
      objectReference: {fileID: 0}
    - target: {fileID: 5194964913022295076, guid: fd1c40c5f0a0a7249af941106f3380a4,
        type: 3}
      propertyPath: m_LocalRotation.w
      value: 0.84462327
      objectReference: {fileID: 0}
    - target: {fileID: 5194964913022295076, guid: fd1c40c5f0a0a7249af941106f3380a4,
        type: 3}
      propertyPath: m_RootOrder
      value: 0
      objectReference: {fileID: 0}
    - target: {fileID: 5194964913022295076, guid: fd1c40c5f0a0a7249af941106f3380a4,
        type: 3}
      propertyPath: m_LocalEulerAnglesHint.x
      value: 45
      objectReference: {fileID: 0}
    - target: {fileID: 5194964913022295076, guid: fd1c40c5f0a0a7249af941106f3380a4,
        type: 3}
      propertyPath: m_LocalEulerAnglesHint.y
      value: 45
      objectReference: {fileID: 0}
    - target: {fileID: 5194964913022295076, guid: fd1c40c5f0a0a7249af941106f3380a4,
        type: 3}
      propertyPath: m_LocalEulerAnglesHint.z
      value: 45
      objectReference: {fileID: 0}
    - target: {fileID: 5194964913022295515, guid: fd1c40c5f0a0a7249af941106f3380a4,
        type: 3}
      propertyPath: m_Name
      value: ModulePart
      objectReference: {fileID: 0}
    m_RemovedComponents: []
  m_SourcePrefab: {fileID: 100100000, guid: fd1c40c5f0a0a7249af941106f3380a4, type: 3}
--- !u!4 &7097817931982240187 stripped
Transform:
  m_CorrespondingSourceObject: {fileID: 5194964913022295076, guid: fd1c40c5f0a0a7249af941106f3380a4,
    type: 3}
  m_PrefabInstance: {fileID: 3069408607918171551}
  m_PrefabAsset: {fileID: 0}
